<collection xmlns="http://www.loc.gov/MARC21/slim"><record><leader>00632nam  2200205   450</leader><controlfield tag="001">154</controlfield><controlfield tag="003">http://montalegre.opacnet.com/OPAC/default.aspx?ContentAreaControl=ShowRegHoldings.ascx&amp;RegNo=16662</controlfield><controlfield tag="005">20</controlfield><datafield tag="095" ind1=" " ind2=" "><subfield code="a">PTBN00755480</subfield></datafield><datafield tag="100" ind1=" " ind2=" "><subfield code="a">19950724d1952    m  y0pory010305  ba</subfield></datafield><datafield tag="101" ind1="1" ind2=" "><subfield code="a">por</subfield><subfield code="c">eng</subfield></datafield><datafield tag="102" ind1=" " ind2=" "><subfield code="a">PT</subfield></datafield><datafield tag="200" ind1="1" ind2=" "><subfield code="a">&lt;O &gt;profeta branco</subfield><subfield code="f">Haill Caine</subfield><subfield code="g">trad. Januário Leite</subfield></datafield><datafield tag="205" ind1=" " ind2=" "><subfield code="a">7ª ed</subfield></datafield><datafield tag="210" ind1=" " ind2=" "><subfield code="a">Lisboa</subfield><subfield code="c">Clássica</subfield><subfield code="d">1952</subfield></datafield><datafield tag="215" ind1=" " ind2=" "><subfield code="a">434, [1] p.</subfield><subfield code="d">20 cm</subfield></datafield><datafield tag="304" ind1=" " ind2=" "><subfield code="a">Tit. orig. : The white prophet</subfield></datafield><datafield tag="700" ind1=" " ind2="1"><subfield code="a">Caine</subfield><subfield code="b">Hall</subfield><subfield code="f">1853-1931</subfield></datafield><datafield tag="702" ind1=" " ind2="1"><subfield code="a">Leite</subfield><subfield code="b">Januário</subfield><subfield code="f">1865-1930</subfield><subfield code="4">730</subfield></datafield><datafield tag="801" ind1=" " ind2="0"><subfield code="a">PT</subfield><subfield code="b">Biblioteca Municipal de Montalegre</subfield><subfield code="g">RPC</subfield></datafield><datafield tag="909" ind1="&#9;" ind2=" "><subfield code="a">1</subfield></datafield><datafield tag="966" ind1=" " ind2=" "><subfield code="a">0009136</subfield><subfield code="l">BMM</subfield><subfield code="s">SCG 821 CAI pro</subfield></datafield></record></collection>